<record><leader>00000cas a22000007a 4500</leader><controlfield tag="001">19340997</controlfield><controlfield tag="008">890310d19011975gauwr ne      0    0eng d</controlfield><datafield ind1=" " ind2=" " tag="010"><subfield code="a">sn 88054082 </subfield></datafield><datafield ind1=" " ind2=" " tag="040"><subfield code="a">NLG</subfield><subfield code="b">eng</subfield><subfield code="c">NLG</subfield><subfield code="d">NST</subfield><subfield code="d">GUA</subfield><subfield code="d">OCLCQ</subfield><subfield code="d">OCLCF</subfield><subfield code="d">OCLCO</subfield></datafield><datafield ind1=" " ind2=" " tag="012"><subfield code="i">9011</subfield></datafield><datafield ind1="1" ind2=" " tag="029"><subfield code="a">AU@</subfield><subfield code="b">000025806111</subfield></datafield><datafield ind1=" " ind2=" " tag="042"><subfield code="a">msc</subfield></datafield><datafield ind1=" " ind2=" " tag="043"><subfield code="a">n-us-ga</subfield></datafield><datafield ind1="0" ind2="4" tag="245"><subfield code="a">The Vienna news.</subfield></datafield><datafield ind1=" " ind2=" " tag="260"><subfield code="a">Vienna, Ga. :</subfield><subfield code="b">T.A. Adkins, Jr., and W.T. Adkins,</subfield><subfield code="c">-1975.</subfield></datafield><datafield ind1=" " ind2=" " tag="300"><subfield code="a">v.</subfield></datafield><datafield ind1=" " ind2=" " tag="310"><subfield code="a">Weekly,</subfield><subfield code="b">Aug. 12, 1915-May 7, 1975</subfield></datafield><datafield ind1=" " ind2=" " tag="321"><subfield code="a">Semiweekly, &lt;Mar. 5,</subfield><subfield code="b">1902&gt;-&lt;Dec. 24, 1912&gt;</subfield></datafield><datafield ind1=" " ind2=" " tag="321"><subfield code="a">Weekly,</subfield><subfield code="b">&lt;Jan. 6, 1915&gt;-&lt;Feb. 17, 1915&gt;</subfield></datafield><datafield ind1=" " ind2=" " tag="321"><subfield code="a">Semiweekly,</subfield><subfield code="b">&lt;Apr. 13, 1915&gt;-Aug. 6, 1915</subfield></datafield><datafield ind1="1" ind2=" " tag="362"><subfield code="a">Began in 1901?</subfield></datafield><datafield ind1="0" ind2=" " tag="362"><subfield code="a">-v. 75, no. 19 (May 7, 1975).</subfield></datafield><datafield ind1=" " ind2=" " tag="530"><subfield code="a">Also on microfilm: Athens, Ga. : University of Georgia Libraries.</subfield></datafield><datafield ind1=" " ind2=" " tag="580"><subfield code="a">Merged with: Unadilla observer, to form: Vienna news-observer.</subfield></datafield><datafield ind1=" " ind2="0" tag="651"><subfield code="a">Vienna (Ga.)</subfield><subfield code="v">Newspapers.</subfield></datafield><datafield ind1=" " ind2="0" tag="651"><subfield code="a">Dooly County (Ga.)</subfield><subfield code="v">Newspapers.</subfield></datafield><datafield ind1=" " ind2="7" tag="655"><subfield code="a">Newspapers.</subfield><subfield code="2">fast</subfield><subfield code="0">(OCoLC)fst01423814</subfield></datafield><datafield ind1=" " ind2="7" tag="651"><subfield code="a">Georgia</subfield><subfield code="z">Dooly County.</subfield><subfield code="2">fast</subfield><subfield code="0">(OCoLC)fst01215291</subfield></datafield><datafield ind1=" " ind2="7" tag="651"><subfield code="a">Georgia</subfield><subfield code="z">Vienna.</subfield><subfield code="2">fast</subfield><subfield code="0">(OCoLC)fst01218380</subfield></datafield><datafield ind1=" " ind2=" " tag="752"><subfield code="a">United States</subfield><subfield code="b">Georgia</subfield><subfield code="c">Dooly</subfield><subfield code="d">Vienna.</subfield></datafield><datafield ind1="1" ind2="7" tag="785"><subfield code="t">Unadilla observer</subfield><subfield code="w">(DLC)sn 90052281</subfield><subfield code="w">(OCoLC)21965109</subfield></datafield><datafield ind1="1" ind2="7" tag="785"><subfield code="t">Vienna news-observer</subfield><subfield code="w">(DLC)sn 88054083</subfield><subfield code="w">(OCoLC)21718949</subfield></datafield><datafield ind1=" " ind2=" " tag="850"><subfield code="a">MiU</subfield></datafield></record>